
@ARTICLE{Calabretta2002,
   author = {{Calabretta}, M.~R. and {Greisen}, E.~W.},
    title = "{Representations of celestial coordinates in FITS}",
  journal = {\aap},
   eprint = {astro-ph/0207413},
 keywords = {methods: data analysis, techniques: image processing, astronomical data bases: miscellaneous, astrometry},
     year = 2002,
    month = dec,
   volume = 395,
    pages = {1077-1122},
      doi = {10.1051/0004-6361:20021327},
   adsurl = {http://adsabs.harvard.edu/abs/2002A%26A...395.1077C},
  adsnote = {Provided by the SAO/NASA Astrophysics Data System}
}

